% report bibliography (bibtex)

@article	{
	isingnp,
	author = "Andrew Lucas",
	title = "Ising Formulations of many {NP} problems",
	year = 2014,
	journal = "Frontiers in Physics",
}

@article	{
	tutqubo,
	author = "Fred Glover and Garry Kochenberger and Rick Hennig and Yu Du",
	title = "A Tutorial on Formulating and Using {QUBO} Models",
	year = 2022,
	journal = "Ann Oper Res",
}

@article	{
	effbinopt,
	author = "Benjamin Tan and Marc-Antoine Lemonde and Supanut Thanasilp and Jirawat Tangpanitanon and Dimitris G. Angelakis",
	title = "Qubit-efficient encoding schemes for binary optimisation problems",
	year = 2021,
	journal = "Quantum",
}

@article	{
	effvrp,
	author = "Ioannis D. Leonidas and Alexander Dukakis and Benjamin Tan and Dimitris G. Angelakis",
	title = "Qubit efficient quantum algorithms for the vehicle routing problem on {NISQ} processors",
	year = 2023,
	eprint = "2306.08507",
	archivePrefix = "arXiv",
	primaryClass = "quant-ph",
}

@article	{
	cvrpanneal,
	author = "Sebastian Feld and Christoph Roch and Thomas Gabor and Christian Seidel and Florian Neukart and Isabella Galter
		and Wolfgang Mauerer and Claudia Linnhoff-Popien",
	title = "A Hybrid Solution Method for the Capacitated Vehicle Routing Problem Using a Quantum Annealer",
	year = 2019,
	journal = "Frontiers in ICT",
}

@article	{
	cvrpqaoa,
	author = "Lilly Palackal and Benedikt Poggel and Matthias Wulff and Hans Ehm and Jeanette Miriam Lorenz and Christian B. Mendl",
	title = "Quantum-Assisted Solution Paths for the Capacitated Vehicle Routing Problem",
	year = 2023,
	eprint = "2304.09629",
	archivePrefix = "arXiv",
	primaryClass = "quant-ph",
}

@article	{
	cvrpqwalk,
	author = "T. Bennett and E. Matwiejew and S. Marsh and J. B. Wang",
	title = "Quantum Walk-Based Vehicle Routing Optimisation",
	year = 2021,
	journal = "Frontiers in Physics",
}

@book	{
	vrp,
	author = "Paolo Toth and Daniele Vigo",
	title = "The Vehicle Routing Problem",
	year = 2022,
	publisher = "Society for Industrial and Applied Mathematics",
}

@conference	{
	annealintro,
	author = "Bruno Apolloni and Nicolò Cesa-Bianchi and Diego de Falco",
	title = "A numerical implementation of quantum annealing",
	year = 1988,
	booktitle = "Stochastic Processes, Physics and Geometry",
}

@article	{
	annealspinglass,
	author = "P. Ray and B. K. Chakrabarti and Arunava Chakrabarti",
	title = "Sherrington-Kirkpatrick model in a transverse field:
		Absence of replica symmetry breaking due to quantum fluctuations",
	year = 1989,
	journal = "Phys. Rev. B",
}

@article	{
	adiabaticsat,
	author = "Edward Farhi and Jeffrey Goldstone and Sam Gutmann and Michael Sipser",
	title = "Quantum Computation by Adiabatic Evolution",
	year = 2000,
	eprint = "quant-ph/0001106",
	archivePrefix = "arXiv",
	primaryClass = "quant-ph",
}

@article	{
	nisq,
	author = "John Preskill",
	title = "Quantum Computing in the {NISQ} era and beyond",
	year = 2018,
	journal = "Quantum",
}

@article	{
	adiabatictheo,
	author = "Max Born and Vladimir Fock",
	title = "Beweis des Adiabatensatzes",
	year = 1928,
	journal = "Zeitschrift für Physik",
}

@article	{
	qaoaintro,
	author = "Edward Farhi and Jeffrey Goldstone and Sam Gutmann",
	title = "A Quantum Approximate Optimization Algorithm",
	year = 2014,
	eprint = "1411.4028",
	archivePrefix = "arXiv",
	primaryClass = "quant-ph",
}

@article	{
	qaoadensitybound,
	author = "V. Akshay and H. Philathong and M. E. S. Morales and J. D. Biamonte",
	title = "Reachability Deficits in Quantum Approximate Optimization",
	year = 2019,
	journal = "Physical Review Letters",
	publisher = "American Physical Society",
}

@article	{
	mixeropt,
	author = "Stuart Hadfield and Zhihui Wang and Bryan O'Gorman and Eleanor G. Rieffel
		and Davide Venturelli and Rupak Biswas",
	title = "From the Quantum Approximate Optimization Algorithm to a Quantum Alternating
		Operator Ansatz",
	year = 2019,
	journal = "Algorithms",
}

@book	{
	dipoleflux,
	author = "Tai L. Chow",
	title = "Introduction to electromagnetic theory: a modern perspective",
	year = 2006,
	publisher = "Jones \& Bartlett Learning",
}

